% Encoding: UTF-8

@Book{Thompson2017,
  title           = {{ANSYS Mechanical APDL for Finite Element Analysis}},
  year            = {2017},
  author          = {Thompson, Mary Kathryn and Thompson, John M.},
  isbn            = {978-0-12-812981-4},
  abstract        = {Techniques for APDL language and learning it.},
  booktitle       = {ANSYS Mechanical APDL for Finite Element Analysis},
  file            = {:home/enprietop/Documents/Papers/Mary Kathryn Thompson, John Martin Thompson - ANSYS Mechanical APDL for Finite Element Analysis-Butterworth-Heinemann (2017).pdf:pdf},
  mendeley-groups = {Software/LS-DYNA & ANSYS},
  pages           = {436},
}

@Comment{jabref-meta: databaseType:bibtex;}
