@book{Gandhinathan2020,
author = {Gandhinathan, Ramkumar},
booktitle = {ROS Robotics Projects},
edition = {2},
file = {:home/biomecanica4/Documents/Papers/ROS Robotics Projects Build And Control Robots Powered By The Robot Operating System, Machine Learning, And Virtual Reality by Ramkumar Gandhinathan, Lentin Joseph (z-lib.org).pdf:pdf},
isbn = {978-1-83864-932-6},
mendeley-groups = {Mechanical Engineering/Robotics/ROS},
pages = {1--449},
publisher = {Packt},
title = {{ROS Robotics Projects}},
volume = {66},
year = {2020}
}
